@techreport{rfc3447,
   author="J. Jonsson and B. Kaliski",
   title="{Public-Key Cryptography Standards (PKCS) \#1: RSA Cryptography, Appendix A.2 Scheme identification}",
   howpublished={Internet Requests for Comments},
   type="{RFC}",
   number=3447,
   year={2003},
   month={February},
   institution= "{RSA Laboratories}",
   url={https://www.ietf.org/rfc/rfc3447.txt}
}